%YAML 1.1
%TAG !u! tag:unity3d.com,2011:
--- !u!114 &5426938530490890792
MonoBehaviour:
  m_ObjectHideFlags: 0
  m_CorrespondingSourceObject: {fileID: 0}
  m_PrefabInstance: {fileID: 0}
  m_PrefabAsset: {fileID: 0}
  m_GameObject: {fileID: 1271158684750515051}
  m_Enabled: 1
  m_EditorHideFlags: 0
  m_Script: {fileID: 11500000, guid: 0b5a76e53cb70413785d9f698d3ebe59, type: 3}
  m_Name: 
  m_EditorClassIdentifier: 
  AnimatorComponent: {fileID: 1271158684741040335}
  TimeDelay: 0.2
--- !u!114 &5520301307150978220
MonoBehaviour:
  m_ObjectHideFlags: 0
  m_CorrespondingSourceObject: {fileID: 0}
  m_PrefabInstance: {fileID: 0}
  m_PrefabAsset: {fileID: 0}
  m_GameObject: {fileID: 1271158684750515051}
  m_Enabled: 1
  m_EditorHideFlags: 0
  m_Script: {fileID: 11500000, guid: 38c718dc964613749b02c7ecd0b9c684, type: 3}
  m_Name: 
  m_EditorClassIdentifier: 
--- !u!1 &5082228248028874655
GameObject:
  m_ObjectHideFlags: 0
  m_CorrespondingSourceObject: {fileID: 0}
  m_PrefabInstance: {fileID: 0}
  m_PrefabAsset: {fileID: 0}
  serializedVersion: 6
  m_Component:
  - component: {fileID: 4182365121163045685}
  - component: {fileID: 7757053558194432326}
  m_Layer: 0
  m_Name: FoxView
  m_TagString: Untagged
  m_Icon: {fileID: 0}
  m_NavMeshLayer: 0
  m_StaticEditorFlags: 0
  m_IsActive: 1
--- !u!4 &4182365121163045685
Transform:
  m_ObjectHideFlags: 0
  m_CorrespondingSourceObject: {fileID: 0}
  m_PrefabInstance: {fileID: 0}
  m_PrefabAsset: {fileID: 0}
  m_GameObject: {fileID: 5082228248028874655}
  m_LocalRotation: {x: 0, y: 0, z: 0, w: 1}
  m_LocalPosition: {x: 0, y: 0, z: 0}
  m_LocalScale: {x: 1, y: 1, z: 1}
  m_Children:
  - {fileID: 1271158684750354185}
  m_Father: {fileID: 0}
  m_RootOrder: 0
  m_LocalEulerAnglesHint: {x: 0, y: 0, z: 0}
--- !u!114 &7757053558194432326
MonoBehaviour:
  m_ObjectHideFlags: 0
  m_CorrespondingSourceObject: {fileID: 0}
  m_PrefabInstance: {fileID: 0}
  m_PrefabAsset: {fileID: 0}
  m_GameObject: {fileID: 5082228248028874655}
  m_Enabled: 1
  m_EditorHideFlags: 0
  m_Script: {fileID: 11500000, guid: 5f9c45f111d856f4c872f8440dfa4330, type: 3}
  m_Name: 
  m_EditorClassIdentifier: 
  CurrentAnimState: 0
  animalAnimator: {fileID: 1271158684741040335}
  triggerRun: run
  triggerRunFast: run
  triggerIdle: sit
  triggerSit: 
  triggerBarks: 
  triggersCustom:
  - hunt1
--- !u!1001 &1271158684750482863
PrefabInstance:
  m_ObjectHideFlags: 0
  serializedVersion: 2
  m_Modification:
    m_TransformParent: {fileID: 4182365121163045685}
    m_Modifications:
    - target: {fileID: 100038, guid: e8ec586cffa7df944b0bd04a86bc277b, type: 3}
      propertyPath: m_Name
      value: Fox_Standing
      objectReference: {fileID: 0}
    - target: {fileID: 400038, guid: e8ec586cffa7df944b0bd04a86bc277b, type: 3}
      propertyPath: m_LocalPosition.x
      value: -0.000000093168
      objectReference: {fileID: 0}
    - target: {fileID: 400038, guid: e8ec586cffa7df944b0bd04a86bc277b, type: 3}
      propertyPath: m_LocalPosition.y
      value: 0
      objectReference: {fileID: 0}
    - target: {fileID: 400038, guid: e8ec586cffa7df944b0bd04a86bc277b, type: 3}
      propertyPath: m_LocalPosition.z
      value: 0.15046
      objectReference: {fileID: 0}
    - target: {fileID: 400038, guid: e8ec586cffa7df944b0bd04a86bc277b, type: 3}
      propertyPath: m_LocalRotation.x
      value: 0
      objectReference: {fileID: 0}
    - target: {fileID: 400038, guid: e8ec586cffa7df944b0bd04a86bc277b, type: 3}
      propertyPath: m_LocalRotation.y
      value: -0
      objectReference: {fileID: 0}
    - target: {fileID: 400038, guid: e8ec586cffa7df944b0bd04a86bc277b, type: 3}
      propertyPath: m_LocalRotation.z
      value: -0
      objectReference: {fileID: 0}
    - target: {fileID: 400038, guid: e8ec586cffa7df944b0bd04a86bc277b, type: 3}
      propertyPath: m_LocalRotation.w
      value: 1
      objectReference: {fileID: 0}
    - target: {fileID: 400038, guid: e8ec586cffa7df944b0bd04a86bc277b, type: 3}
      propertyPath: m_RootOrder
      value: 0
      objectReference: {fileID: 0}
    - target: {fileID: 400038, guid: e8ec586cffa7df944b0bd04a86bc277b, type: 3}
      propertyPath: m_LocalEulerAnglesHint.x
      value: 0
      objectReference: {fileID: 0}
    - target: {fileID: 400038, guid: e8ec586cffa7df944b0bd04a86bc277b, type: 3}
      propertyPath: m_LocalEulerAnglesHint.y
      value: 0
      objectReference: {fileID: 0}
    - target: {fileID: 400038, guid: e8ec586cffa7df944b0bd04a86bc277b, type: 3}
      propertyPath: m_LocalEulerAnglesHint.z
      value: 0
      objectReference: {fileID: 0}
    - target: {fileID: 400038, guid: e8ec586cffa7df944b0bd04a86bc277b, type: 3}
      propertyPath: m_LocalScale.x
      value: 4
      objectReference: {fileID: 0}
    - target: {fileID: 400038, guid: e8ec586cffa7df944b0bd04a86bc277b, type: 3}
      propertyPath: m_LocalScale.y
      value: 4
      objectReference: {fileID: 0}
    - target: {fileID: 400038, guid: e8ec586cffa7df944b0bd04a86bc277b, type: 3}
      propertyPath: m_LocalScale.z
      value: 4
      objectReference: {fileID: 0}
    - target: {fileID: 9500000, guid: e8ec586cffa7df944b0bd04a86bc277b, type: 3}
      propertyPath: m_Controller
      value: 
      objectReference: {fileID: 9100000, guid: ea0906ea65c4bc8489c0fd7a44d40e8c, type: 2}
    - target: {fileID: 9500000, guid: e8ec586cffa7df944b0bd04a86bc277b, type: 3}
      propertyPath: m_CullingMode
      value: 0
      objectReference: {fileID: 0}
    - target: {fileID: 13700000, guid: e8ec586cffa7df944b0bd04a86bc277b, type: 3}
      propertyPath: m_Materials.Array.data[0]
      value: 
      objectReference: {fileID: 2100000, guid: 215cc4e35a5e1d64c8f67480d8d1b40e, type: 2}
    - target: {fileID: 13700000, guid: e8ec586cffa7df944b0bd04a86bc277b, type: 3}
      propertyPath: m_Quality
      value: 2
      objectReference: {fileID: 0}
    m_RemovedComponents: []
  m_SourcePrefab: {fileID: 100100000, guid: e8ec586cffa7df944b0bd04a86bc277b, type: 3}
--- !u!4 &1271158684750354185 stripped
Transform:
  m_CorrespondingSourceObject: {fileID: 400038, guid: e8ec586cffa7df944b0bd04a86bc277b,
    type: 3}
  m_PrefabInstance: {fileID: 1271158684750482863}
  m_PrefabAsset: {fileID: 0}
--- !u!95 &1271158684741040335 stripped
Animator:
  m_CorrespondingSourceObject: {fileID: 9500000, guid: e8ec586cffa7df944b0bd04a86bc277b,
    type: 3}
  m_PrefabInstance: {fileID: 1271158684750482863}
  m_PrefabAsset: {fileID: 0}
--- !u!1 &1271158684750515051 stripped
GameObject:
  m_CorrespondingSourceObject: {fileID: 100036, guid: e8ec586cffa7df944b0bd04a86bc277b,
    type: 3}
  m_PrefabInstance: {fileID: 1271158684750482863}
  m_PrefabAsset: {fileID: 0}
