%YAML 1.1
%TAG !u! tag:unity3d.com,2011:
--- !u!1 &5174430236458925474
GameObject:
  m_ObjectHideFlags: 0
  m_CorrespondingSourceObject: {fileID: 0}
  m_PrefabInstance: {fileID: 0}
  m_PrefabAsset: {fileID: 0}
  serializedVersion: 6
  m_Component:
  - component: {fileID: 5174430236458925475}
  - component: {fileID: 5174430236458925472}
  - component: {fileID: 8088237804320329999}
  m_Layer: 11
  m_Name: type1
  m_TagString: Untagged
  m_Icon: {fileID: 0}
  m_NavMeshLayer: 0
  m_StaticEditorFlags: 0
  m_IsActive: 1
--- !u!4 &5174430236458925475
Transform:
  m_ObjectHideFlags: 0
  m_CorrespondingSourceObject: {fileID: 0}
  m_PrefabInstance: {fileID: 0}
  m_PrefabAsset: {fileID: 0}
  m_GameObject: {fileID: 5174430236458925474}
  m_LocalRotation: {x: 0, y: 0, z: 0, w: 1}
  m_LocalPosition: {x: -96, y: 0, z: -144}
  m_LocalScale: {x: 1, y: 1, z: 1}
  m_Children:
  - {fileID: 2626791812559548171}
  - {fileID: 2626791810821482065}
  - {fileID: 2626791812717388662}
  - {fileID: 2626791811814684930}
  - {fileID: 2074718581263005041}
  - {fileID: 9122373562880218878}
  - {fileID: 255790156273212120}
  - {fileID: 200693387019653112}
  - {fileID: 8678971576667422852}
  - {fileID: 5890612661736344216}
  - {fileID: 5415540624964620660}
  - {fileID: 6324975878305935722}
  - {fileID: 5227298908386704468}
  - {fileID: 7118236856154218383}
  - {fileID: 2024280960505659693}
  - {fileID: 4067631560626533973}
  - {fileID: 2529975358015620193}
  - {fileID: 4807628438100552290}
  - {fileID: 1912705129533281787}
  - {fileID: 340814748263060947}
  m_Father: {fileID: 0}
  m_RootOrder: 0
  m_LocalEulerAnglesHint: {x: 0, y: 0, z: 0}
--- !u!114 &5174430236458925472
MonoBehaviour:
  m_ObjectHideFlags: 0
  m_CorrespondingSourceObject: {fileID: 0}
  m_PrefabInstance: {fileID: 0}
  m_PrefabAsset: {fileID: 0}
  m_GameObject: {fileID: 5174430236458925474}
  m_Enabled: 1
  m_EditorHideFlags: 0
  m_Script: {fileID: 11500000, guid: dad6d69b924bf724ab911f976dd9d439, type: 3}
  m_Name: 
  m_EditorClassIdentifier: 
  useRoundY: 0
  useRound: 1
  round: 24
--- !u!114 &8088237804320329999
MonoBehaviour:
  m_ObjectHideFlags: 0
  m_CorrespondingSourceObject: {fileID: 0}
  m_PrefabInstance: {fileID: 0}
  m_PrefabAsset: {fileID: 0}
  m_GameObject: {fileID: 5174430236458925474}
  m_Enabled: 1
  m_EditorHideFlags: 0
  m_Script: {fileID: 11500000, guid: 4b0ca6908a3e2394a85450010f04a86e, type: 3}
  m_Name: 
  m_EditorClassIdentifier: 
  index: 0
  x: 0
  z: 0
  typeBigBlockMap: 0
  blockMapHelp:
    iHaveInfo: 0
    x: 0
    z: 0
    cellMaze:
      isVisited: 0
      x: 0
      z: 0
      typeCell: 0
      listTypeConnectionSide: 
      beforeCellMazeX: 0
      beforeCellMazeZ: 0
    infoOneBigBlockMap: {fileID: 0}
    typeBigBlockMap: 0
    finalRotate: 0
    listType: 
    usedSides: 
  finalRotateAngel: 0
  connectArray0: 00000000
  connectArrayMinus90: 02000000
  connectArrayMinus180: 01000000
  connectArrayMinus270: 03000000
  visibleTrigger: {fileID: 0}
  isVisible: 0
  listBlockConnectors:
  - {fileID: 6004495557609845630}
  listBridges: []
  testAngel: 0
  TESTTypeConnectionSide: 0
--- !u!1 &5514190627735541279
GameObject:
  m_ObjectHideFlags: 0
  m_CorrespondingSourceObject: {fileID: 0}
  m_PrefabInstance: {fileID: 0}
  m_PrefabAsset: {fileID: 0}
  serializedVersion: 6
  m_Component:
  - component: {fileID: 2074718581263005041}
  - component: {fileID: 6004495557609845630}
  - component: {fileID: 3869625306017693324}
  m_Layer: 0
  m_Name: BlockConnector1
  m_TagString: Untagged
  m_Icon: {fileID: 10914, guid: 0000000000000000f000000000000000, type: 0}
  m_NavMeshLayer: 0
  m_StaticEditorFlags: 0
  m_IsActive: 1
--- !u!4 &2074718581263005041
Transform:
  m_ObjectHideFlags: 0
  m_CorrespondingSourceObject: {fileID: 0}
  m_PrefabInstance: {fileID: 0}
  m_PrefabAsset: {fileID: 0}
  m_GameObject: {fileID: 5514190627735541279}
  m_LocalRotation: {x: -0, y: -0, z: -0, w: 1}
  m_LocalPosition: {x: 6, y: 0, z: 30}
  m_LocalScale: {x: 2, y: 2, z: 2}
  m_Children: []
  m_Father: {fileID: 5174430236458925475}
  m_RootOrder: 4
  m_LocalEulerAnglesHint: {x: 0, y: 0, z: 0}
--- !u!114 &6004495557609845630
MonoBehaviour:
  m_ObjectHideFlags: 0
  m_CorrespondingSourceObject: {fileID: 0}
  m_PrefabInstance: {fileID: 0}
  m_PrefabAsset: {fileID: 0}
  m_GameObject: {fileID: 5514190627735541279}
  m_Enabled: 1
  m_EditorHideFlags: 0
  m_Script: {fileID: 11500000, guid: 321b3935591d8f14483df6bf9e5663ea, type: 3}
  m_Name: 
  m_EditorClassIdentifier: 
  index: 1
  currentInfoOneBigBlockMap: {fileID: 8088237804320329999}
  x: 3
  z: 5
  worldX: 0
  worldZ: 0
  currentBridge:
    index: 0
    bridge: {fileID: 0}
    blockEarth: {fileID: 0}
    iUsed: 0
    x: 0
    z: 0
  iUsed: 0
--- !u!114 &3869625306017693324
MonoBehaviour:
  m_ObjectHideFlags: 0
  m_CorrespondingSourceObject: {fileID: 0}
  m_PrefabInstance: {fileID: 0}
  m_PrefabAsset: {fileID: 0}
  m_GameObject: {fileID: 5514190627735541279}
  m_Enabled: 1
  m_EditorHideFlags: 0
  m_Script: {fileID: 11500000, guid: dad6d69b924bf724ab911f976dd9d439, type: 3}
  m_Name: 
  m_EditorClassIdentifier: 
  useRoundY: 0
  useRound: 1
  round: 6
--- !u!1001 &116742150927855765
PrefabInstance:
  m_ObjectHideFlags: 0
  serializedVersion: 2
  m_Modification:
    m_TransformParent: {fileID: 5174430236458925475}
    m_Modifications:
    - target: {fileID: 1786125662214633837, guid: d614ccf50c47df54a9507ddb4a8d908c,
        type: 3}
      propertyPath: m_Name
      value: StoneBig
      objectReference: {fileID: 0}
    - target: {fileID: 5774012056833899021, guid: d614ccf50c47df54a9507ddb4a8d908c,
        type: 3}
      propertyPath: m_LocalPosition.x
      value: -10.74
      objectReference: {fileID: 0}
    - target: {fileID: 5774012056833899021, guid: d614ccf50c47df54a9507ddb4a8d908c,
        type: 3}
      propertyPath: m_LocalPosition.y
      value: 0
      objectReference: {fileID: 0}
    - target: {fileID: 5774012056833899021, guid: d614ccf50c47df54a9507ddb4a8d908c,
        type: 3}
      propertyPath: m_LocalPosition.z
      value: 15.88
      objectReference: {fileID: 0}
    - target: {fileID: 5774012056833899021, guid: d614ccf50c47df54a9507ddb4a8d908c,
        type: 3}
      propertyPath: m_LocalRotation.x
      value: -0
      objectReference: {fileID: 0}
    - target: {fileID: 5774012056833899021, guid: d614ccf50c47df54a9507ddb4a8d908c,
        type: 3}
      propertyPath: m_LocalRotation.y
      value: -0
      objectReference: {fileID: 0}
    - target: {fileID: 5774012056833899021, guid: d614ccf50c47df54a9507ddb4a8d908c,
        type: 3}
      propertyPath: m_LocalRotation.z
      value: -0
      objectReference: {fileID: 0}
    - target: {fileID: 5774012056833899021, guid: d614ccf50c47df54a9507ddb4a8d908c,
        type: 3}
      propertyPath: m_LocalRotation.w
      value: 1
      objectReference: {fileID: 0}
    - target: {fileID: 5774012056833899021, guid: d614ccf50c47df54a9507ddb4a8d908c,
        type: 3}
      propertyPath: m_RootOrder
      value: 9
      objectReference: {fileID: 0}
    - target: {fileID: 5774012056833899021, guid: d614ccf50c47df54a9507ddb4a8d908c,
        type: 3}
      propertyPath: m_LocalEulerAnglesHint.x
      value: 0
      objectReference: {fileID: 0}
    - target: {fileID: 5774012056833899021, guid: d614ccf50c47df54a9507ddb4a8d908c,
        type: 3}
      propertyPath: m_LocalEulerAnglesHint.y
      value: 0
      objectReference: {fileID: 0}
    - target: {fileID: 5774012056833899021, guid: d614ccf50c47df54a9507ddb4a8d908c,
        type: 3}
      propertyPath: m_LocalEulerAnglesHint.z
      value: 0
      objectReference: {fileID: 0}
    - target: {fileID: 5774012056833899021, guid: d614ccf50c47df54a9507ddb4a8d908c,
        type: 3}
      propertyPath: m_LocalScale.x
      value: 1.3
      objectReference: {fileID: 0}
    - target: {fileID: 5774012056833899021, guid: d614ccf50c47df54a9507ddb4a8d908c,
        type: 3}
      propertyPath: m_LocalScale.y
      value: 1.2
      objectReference: {fileID: 0}
    - target: {fileID: 5774012056833899021, guid: d614ccf50c47df54a9507ddb4a8d908c,
        type: 3}
      propertyPath: m_LocalScale.z
      value: 1.2
      objectReference: {fileID: 0}
    m_RemovedComponents: []
  m_SourcePrefab: {fileID: 100100000, guid: d614ccf50c47df54a9507ddb4a8d908c, type: 3}
--- !u!4 &5890612661736344216 stripped
Transform:
  m_CorrespondingSourceObject: {fileID: 5774012056833899021, guid: d614ccf50c47df54a9507ddb4a8d908c,
    type: 3}
  m_PrefabInstance: {fileID: 116742150927855765}
  m_PrefabAsset: {fileID: 0}
--- !u!1001 &159676589567129332
PrefabInstance:
  m_ObjectHideFlags: 0
  serializedVersion: 2
  m_Modification:
    m_TransformParent: {fileID: 5174430236458925475}
    m_Modifications:
    - target: {fileID: 605618807158841334, guid: 5d595d995a7de2e49a1117fe76c4415d,
        type: 3}
      propertyPath: m_Name
      value: Grass (7)
      objectReference: {fileID: 0}
    - target: {fileID: 4652053026907135126, guid: 5d595d995a7de2e49a1117fe76c4415d,
        type: 3}
      propertyPath: m_LocalPosition.x
      value: 0.54
      objectReference: {fileID: 0}
    - target: {fileID: 4652053026907135126, guid: 5d595d995a7de2e49a1117fe76c4415d,
        type: 3}
      propertyPath: m_LocalPosition.y
      value: 0
      objectReference: {fileID: 0}
    - target: {fileID: 4652053026907135126, guid: 5d595d995a7de2e49a1117fe76c4415d,
        type: 3}
      propertyPath: m_LocalPosition.z
      value: 5.67
      objectReference: {fileID: 0}
    - target: {fileID: 4652053026907135126, guid: 5d595d995a7de2e49a1117fe76c4415d,
        type: 3}
      propertyPath: m_LocalRotation.x
      value: 0
      objectReference: {fileID: 0}
    - target: {fileID: 4652053026907135126, guid: 5d595d995a7de2e49a1117fe76c4415d,
        type: 3}
      propertyPath: m_LocalRotation.y
      value: 0
      objectReference: {fileID: 0}
    - target: {fileID: 4652053026907135126, guid: 5d595d995a7de2e49a1117fe76c4415d,
        type: 3}
      propertyPath: m_LocalRotation.z
      value: 0
      objectReference: {fileID: 0}
    - target: {fileID: 4652053026907135126, guid: 5d595d995a7de2e49a1117fe76c4415d,
        type: 3}
      propertyPath: m_LocalRotation.w
      value: 1
      objectReference: {fileID: 0}
    - target: {fileID: 4652053026907135126, guid: 5d595d995a7de2e49a1117fe76c4415d,
        type: 3}
      propertyPath: m_RootOrder
      value: 17
      objectReference: {fileID: 0}
    - target: {fileID: 4652053026907135126, guid: 5d595d995a7de2e49a1117fe76c4415d,
        type: 3}
      propertyPath: m_LocalEulerAnglesHint.x
      value: 0
      objectReference: {fileID: 0}
    - target: {fileID: 4652053026907135126, guid: 5d595d995a7de2e49a1117fe76c4415d,
        type: 3}
      propertyPath: m_LocalEulerAnglesHint.y
      value: 0
      objectReference: {fileID: 0}
    - target: {fileID: 4652053026907135126, guid: 5d595d995a7de2e49a1117fe76c4415d,
        type: 3}
      propertyPath: m_LocalEulerAnglesHint.z
      value: 0
      objectReference: {fileID: 0}
    m_RemovedComponents: []
  m_SourcePrefab: {fileID: 100100000, guid: 5d595d995a7de2e49a1117fe76c4415d, type: 3}
--- !u!4 &4807628438100552290 stripped
Transform:
  m_CorrespondingSourceObject: {fileID: 4652053026907135126, guid: 5d595d995a7de2e49a1117fe76c4415d,
    type: 3}
  m_PrefabInstance: {fileID: 159676589567129332}
  m_PrefabAsset: {fileID: 0}
--- !u!1001 &577711163181736130
PrefabInstance:
  m_ObjectHideFlags: 0
  serializedVersion: 2
  m_Modification:
    m_TransformParent: {fileID: 5174430236458925475}
    m_Modifications:
    - target: {fileID: 605618807158841334, guid: 5d595d995a7de2e49a1117fe76c4415d,
        type: 3}
      propertyPath: m_Name
      value: Grass (2)
      objectReference: {fileID: 0}
    - target: {fileID: 4652053026907135126, guid: 5d595d995a7de2e49a1117fe76c4415d,
        type: 3}
      propertyPath: m_LocalPosition.x
      value: 6.36
      objectReference: {fileID: 0}
    - target: {fileID: 4652053026907135126, guid: 5d595d995a7de2e49a1117fe76c4415d,
        type: 3}
      propertyPath: m_LocalPosition.y
      value: 0
      objectReference: {fileID: 0}
    - target: {fileID: 4652053026907135126, guid: 5d595d995a7de2e49a1117fe76c4415d,
        type: 3}
      propertyPath: m_LocalPosition.z
      value: 27.19
      objectReference: {fileID: 0}
    - target: {fileID: 4652053026907135126, guid: 5d595d995a7de2e49a1117fe76c4415d,
        type: 3}
      propertyPath: m_LocalRotation.x
      value: 0
      objectReference: {fileID: 0}
    - target: {fileID: 4652053026907135126, guid: 5d595d995a7de2e49a1117fe76c4415d,
        type: 3}
      propertyPath: m_LocalRotation.y
      value: 0
      objectReference: {fileID: 0}
    - target: {fileID: 4652053026907135126, guid: 5d595d995a7de2e49a1117fe76c4415d,
        type: 3}
      propertyPath: m_LocalRotation.z
      value: 0
      objectReference: {fileID: 0}
    - target: {fileID: 4652053026907135126, guid: 5d595d995a7de2e49a1117fe76c4415d,
        type: 3}
      propertyPath: m_LocalRotation.w
      value: 1
      objectReference: {fileID: 0}
    - target: {fileID: 4652053026907135126, guid: 5d595d995a7de2e49a1117fe76c4415d,
        type: 3}
      propertyPath: m_RootOrder
      value: 12
      objectReference: {fileID: 0}
    - target: {fileID: 4652053026907135126, guid: 5d595d995a7de2e49a1117fe76c4415d,
        type: 3}
      propertyPath: m_LocalEulerAnglesHint.x
      value: 0
      objectReference: {fileID: 0}
    - target: {fileID: 4652053026907135126, guid: 5d595d995a7de2e49a1117fe76c4415d,
        type: 3}
      propertyPath: m_LocalEulerAnglesHint.y
      value: 0
      objectReference: {fileID: 0}
    - target: {fileID: 4652053026907135126, guid: 5d595d995a7de2e49a1117fe76c4415d,
        type: 3}
      propertyPath: m_LocalEulerAnglesHint.z
      value: 0
      objectReference: {fileID: 0}
    m_RemovedComponents: []
  m_SourcePrefab: {fileID: 100100000, guid: 5d595d995a7de2e49a1117fe76c4415d, type: 3}
--- !u!4 &5227298908386704468 stripped
Transform:
  m_CorrespondingSourceObject: {fileID: 4652053026907135126, guid: 5d595d995a7de2e49a1117fe76c4415d,
    type: 3}
  m_PrefabInstance: {fileID: 577711163181736130}
  m_PrefabAsset: {fileID: 0}
--- !u!1001 &840119336560627170
PrefabInstance:
  m_ObjectHideFlags: 0
  serializedVersion: 2
  m_Modification:
    m_TransformParent: {fileID: 5174430236458925475}
    m_Modifications:
    - target: {fileID: 605618807158841334, guid: 5d595d995a7de2e49a1117fe76c4415d,
        type: 3}
      propertyPath: m_Name
      value: Grass
      objectReference: {fileID: 0}
    - target: {fileID: 4652053026907135126, guid: 5d595d995a7de2e49a1117fe76c4415d,
        type: 3}
      propertyPath: m_LocalPosition.x
      value: -3.09
      objectReference: {fileID: 0}
    - target: {fileID: 4652053026907135126, guid: 5d595d995a7de2e49a1117fe76c4415d,
        type: 3}
      propertyPath: m_LocalPosition.y
      value: 0
      objectReference: {fileID: 0}
    - target: {fileID: 4652053026907135126, guid: 5d595d995a7de2e49a1117fe76c4415d,
        type: 3}
      propertyPath: m_LocalPosition.z
      value: 11.45
      objectReference: {fileID: 0}
    - target: {fileID: 4652053026907135126, guid: 5d595d995a7de2e49a1117fe76c4415d,
        type: 3}
      propertyPath: m_LocalRotation.x
      value: 0
      objectReference: {fileID: 0}
    - target: {fileID: 4652053026907135126, guid: 5d595d995a7de2e49a1117fe76c4415d,
        type: 3}
      propertyPath: m_LocalRotation.y
      value: 0
      objectReference: {fileID: 0}
    - target: {fileID: 4652053026907135126, guid: 5d595d995a7de2e49a1117fe76c4415d,
        type: 3}
      propertyPath: m_LocalRotation.z
      value: 0
      objectReference: {fileID: 0}
    - target: {fileID: 4652053026907135126, guid: 5d595d995a7de2e49a1117fe76c4415d,
        type: 3}
      propertyPath: m_LocalRotation.w
      value: 1
      objectReference: {fileID: 0}
    - target: {fileID: 4652053026907135126, guid: 5d595d995a7de2e49a1117fe76c4415d,
        type: 3}
      propertyPath: m_RootOrder
      value: 10
      objectReference: {fileID: 0}
    - target: {fileID: 4652053026907135126, guid: 5d595d995a7de2e49a1117fe76c4415d,
        type: 3}
      propertyPath: m_LocalEulerAnglesHint.x
      value: 0
      objectReference: {fileID: 0}
    - target: {fileID: 4652053026907135126, guid: 5d595d995a7de2e49a1117fe76c4415d,
        type: 3}
      propertyPath: m_LocalEulerAnglesHint.y
      value: 0
      objectReference: {fileID: 0}
    - target: {fileID: 4652053026907135126, guid: 5d595d995a7de2e49a1117fe76c4415d,
        type: 3}
      propertyPath: m_LocalEulerAnglesHint.z
      value: 0
      objectReference: {fileID: 0}
    m_RemovedComponents: []
  m_SourcePrefab: {fileID: 100100000, guid: 5d595d995a7de2e49a1117fe76c4415d, type: 3}
--- !u!4 &5415540624964620660 stripped
Transform:
  m_CorrespondingSourceObject: {fileID: 4652053026907135126, guid: 5d595d995a7de2e49a1117fe76c4415d,
    type: 3}
  m_PrefabInstance: {fileID: 840119336560627170}
  m_PrefabAsset: {fileID: 0}
--- !u!1001 &1389661943352949596
PrefabInstance:
  m_ObjectHideFlags: 0
  serializedVersion: 2
  m_Modification:
    m_TransformParent: {fileID: 5174430236458925475}
    m_Modifications:
    - target: {fileID: 1261029605674710180, guid: fc167c49c42d9e34395e7959fbd0d99c,
        type: 3}
      propertyPath: m_LocalPosition.x
      value: 15.12
      objectReference: {fileID: 0}
    - target: {fileID: 1261029605674710180, guid: fc167c49c42d9e34395e7959fbd0d99c,
        type: 3}
      propertyPath: m_LocalPosition.y
      value: 0.41
      objectReference: {fileID: 0}
    - target: {fileID: 1261029605674710180, guid: fc167c49c42d9e34395e7959fbd0d99c,
        type: 3}
      propertyPath: m_LocalPosition.z
      value: 7.99
      objectReference: {fileID: 0}
    - target: {fileID: 1261029605674710180, guid: fc167c49c42d9e34395e7959fbd0d99c,
        type: 3}
      propertyPath: m_LocalRotation.x
      value: 0.65323395
      objectReference: {fileID: 0}
    - target: {fileID: 1261029605674710180, guid: fc167c49c42d9e34395e7959fbd0d99c,
        type: 3}
      propertyPath: m_LocalRotation.y
      value: 0.27071294
      objectReference: {fileID: 0}
    - target: {fileID: 1261029605674710180, guid: fc167c49c42d9e34395e7959fbd0d99c,
        type: 3}
      propertyPath: m_LocalRotation.z
      value: 0.27048475
      objectReference: {fileID: 0}
    - target: {fileID: 1261029605674710180, guid: fc167c49c42d9e34395e7959fbd0d99c,
        type: 3}
      propertyPath: m_LocalRotation.w
      value: -0.6533284
      objectReference: {fileID: 0}
    - target: {fileID: 1261029605674710180, guid: fc167c49c42d9e34395e7959fbd0d99c,
        type: 3}
      propertyPath: m_RootOrder
      value: 7
      objectReference: {fileID: 0}
    - target: {fileID: 1261029605674710180, guid: fc167c49c42d9e34395e7959fbd0d99c,
        type: 3}
      propertyPath: m_LocalEulerAnglesHint.x
      value: -90.00001
      objectReference: {fileID: 0}
    - target: {fileID: 1261029605674710180, guid: fc167c49c42d9e34395e7959fbd0d99c,
        type: 3}
      propertyPath: m_LocalEulerAnglesHint.y
      value: 0
      objectReference: {fileID: 0}
    - target: {fileID: 1261029605674710180, guid: fc167c49c42d9e34395e7959fbd0d99c,
        type: 3}
      propertyPath: m_LocalEulerAnglesHint.z
      value: -44.980003
      objectReference: {fileID: 0}
    - target: {fileID: 1261029605674710183, guid: fc167c49c42d9e34395e7959fbd0d99c,
        type: 3}
      propertyPath: m_Name
      value: Fence_4
      objectReference: {fileID: 0}
    m_RemovedComponents: []
  m_SourcePrefab: {fileID: 100100000, guid: fc167c49c42d9e34395e7959fbd0d99c, type: 3}
--- !u!4 &200693387019653112 stripped
Transform:
  m_CorrespondingSourceObject: {fileID: 1261029605674710180, guid: fc167c49c42d9e34395e7959fbd0d99c,
    type: 3}
  m_PrefabInstance: {fileID: 1389661943352949596}
  m_PrefabAsset: {fileID: 0}
--- !u!1001 &1678080797883657724
PrefabInstance:
  m_ObjectHideFlags: 0
  serializedVersion: 2
  m_Modification:
    m_TransformParent: {fileID: 5174430236458925475}
    m_Modifications:
    - target: {fileID: 605618807158841334, guid: 5d595d995a7de2e49a1117fe76c4415d,
        type: 3}
      propertyPath: m_Name
      value: Grass (1)
      objectReference: {fileID: 0}
    - target: {fileID: 4652053026907135126, guid: 5d595d995a7de2e49a1117fe76c4415d,
        type: 3}
      propertyPath: m_LocalPosition.x
      value: 16.43
      objectReference: {fileID: 0}
    - target: {fileID: 4652053026907135126, guid: 5d595d995a7de2e49a1117fe76c4415d,
        type: 3}
      propertyPath: m_LocalPosition.y
      value: 0
      objectReference: {fileID: 0}
    - target: {fileID: 4652053026907135126, guid: 5d595d995a7de2e49a1117fe76c4415d,
        type: 3}
      propertyPath: m_LocalPosition.z
      value: 18.98
      objectReference: {fileID: 0}
    - target: {fileID: 4652053026907135126, guid: 5d595d995a7de2e49a1117fe76c4415d,
        type: 3}
      propertyPath: m_LocalRotation.x
      value: 0
      objectReference: {fileID: 0}
    - target: {fileID: 4652053026907135126, guid: 5d595d995a7de2e49a1117fe76c4415d,
        type: 3}
      propertyPath: m_LocalRotation.y
      value: 0
      objectReference: {fileID: 0}
    - target: {fileID: 4652053026907135126, guid: 5d595d995a7de2e49a1117fe76c4415d,
        type: 3}
      propertyPath: m_LocalRotation.z
      value: 0
      objectReference: {fileID: 0}
    - target: {fileID: 4652053026907135126, guid: 5d595d995a7de2e49a1117fe76c4415d,
        type: 3}
      propertyPath: m_LocalRotation.w
      value: 1
      objectReference: {fileID: 0}
    - target: {fileID: 4652053026907135126, guid: 5d595d995a7de2e49a1117fe76c4415d,
        type: 3}
      propertyPath: m_RootOrder
      value: 11
      objectReference: {fileID: 0}
    - target: {fileID: 4652053026907135126, guid: 5d595d995a7de2e49a1117fe76c4415d,
        type: 3}
      propertyPath: m_LocalEulerAnglesHint.x
      value: 0
      objectReference: {fileID: 0}
    - target: {fileID: 4652053026907135126, guid: 5d595d995a7de2e49a1117fe76c4415d,
        type: 3}
      propertyPath: m_LocalEulerAnglesHint.y
      value: 0
      objectReference: {fileID: 0}
    - target: {fileID: 4652053026907135126, guid: 5d595d995a7de2e49a1117fe76c4415d,
        type: 3}
      propertyPath: m_LocalEulerAnglesHint.z
      value: 0
      objectReference: {fileID: 0}
    m_RemovedComponents: []
  m_SourcePrefab: {fileID: 100100000, guid: 5d595d995a7de2e49a1117fe76c4415d, type: 3}
--- !u!4 &6324975878305935722 stripped
Transform:
  m_CorrespondingSourceObject: {fileID: 4652053026907135126, guid: 5d595d995a7de2e49a1117fe76c4415d,
    type: 3}
  m_PrefabInstance: {fileID: 1678080797883657724}
  m_PrefabAsset: {fileID: 0}
--- !u!1001 &2469774834796512025
PrefabInstance:
  m_ObjectHideFlags: 0
  serializedVersion: 2
  m_Modification:
    m_TransformParent: {fileID: 5174430236458925475}
    m_Modifications:
    - target: {fileID: 605618807158841334, guid: 5d595d995a7de2e49a1117fe76c4415d,
        type: 3}
      propertyPath: m_Name
      value: Grass (3)
      objectReference: {fileID: 0}
    - target: {fileID: 4652053026907135126, guid: 5d595d995a7de2e49a1117fe76c4415d,
        type: 3}
      propertyPath: m_LocalPosition.x
      value: 11.34
      objectReference: {fileID: 0}
    - target: {fileID: 4652053026907135126, guid: 5d595d995a7de2e49a1117fe76c4415d,
        type: 3}
      propertyPath: m_LocalPosition.y
      value: 0
      objectReference: {fileID: 0}
    - target: {fileID: 4652053026907135126, guid: 5d595d995a7de2e49a1117fe76c4415d,
        type: 3}
      propertyPath: m_LocalPosition.z
      value: 24.81
      objectReference: {fileID: 0}
    - target: {fileID: 4652053026907135126, guid: 5d595d995a7de2e49a1117fe76c4415d,
        type: 3}
      propertyPath: m_LocalRotation.x
      value: 0
      objectReference: {fileID: 0}
    - target: {fileID: 4652053026907135126, guid: 5d595d995a7de2e49a1117fe76c4415d,
        type: 3}
      propertyPath: m_LocalRotation.y
      value: 0
      objectReference: {fileID: 0}
    - target: {fileID: 4652053026907135126, guid: 5d595d995a7de2e49a1117fe76c4415d,
        type: 3}
      propertyPath: m_LocalRotation.z
      value: 0
      objectReference: {fileID: 0}
    - target: {fileID: 4652053026907135126, guid: 5d595d995a7de2e49a1117fe76c4415d,
        type: 3}
      propertyPath: m_LocalRotation.w
      value: 1
      objectReference: {fileID: 0}
    - target: {fileID: 4652053026907135126, guid: 5d595d995a7de2e49a1117fe76c4415d,
        type: 3}
      propertyPath: m_RootOrder
      value: 13
      objectReference: {fileID: 0}
    - target: {fileID: 4652053026907135126, guid: 5d595d995a7de2e49a1117fe76c4415d,
        type: 3}
      propertyPath: m_LocalEulerAnglesHint.x
      value: 0
      objectReference: {fileID: 0}
    - target: {fileID: 4652053026907135126, guid: 5d595d995a7de2e49a1117fe76c4415d,
        type: 3}
      propertyPath: m_LocalEulerAnglesHint.y
      value: 0
      objectReference: {fileID: 0}
    - target: {fileID: 4652053026907135126, guid: 5d595d995a7de2e49a1117fe76c4415d,
        type: 3}
      propertyPath: m_LocalEulerAnglesHint.z
      value: 0
      objectReference: {fileID: 0}
    m_RemovedComponents: []
  m_SourcePrefab: {fileID: 100100000, guid: 5d595d995a7de2e49a1117fe76c4415d, type: 3}
--- !u!4 &7118236856154218383 stripped
Transform:
  m_CorrespondingSourceObject: {fileID: 4652053026907135126, guid: 5d595d995a7de2e49a1117fe76c4415d,
    type: 3}
  m_PrefabInstance: {fileID: 2469774834796512025}
  m_PrefabAsset: {fileID: 0}
--- !u!1001 &2607263616477739897
PrefabInstance:
  m_ObjectHideFlags: 0
  serializedVersion: 2
  m_Modification:
    m_TransformParent: {fileID: 5174430236458925475}
    m_Modifications:
    - target: {fileID: 2855954769694974369, guid: 13f96efc337671e4d8ece2c04cf2b76c,
        type: 3}
      propertyPath: m_LocalPosition.x
      value: 1.77
      objectReference: {fileID: 0}
    - target: {fileID: 2855954769694974369, guid: 13f96efc337671e4d8ece2c04cf2b76c,
        type: 3}
      propertyPath: m_LocalPosition.y
      value: 0.4000001
      objectReference: {fileID: 0}
    - target: {fileID: 2855954769694974369, guid: 13f96efc337671e4d8ece2c04cf2b76c,
        type: 3}
      propertyPath: m_LocalPosition.z
      value: 7.44
      objectReference: {fileID: 0}
    - target: {fileID: 2855954769694974369, guid: 13f96efc337671e4d8ece2c04cf2b76c,
        type: 3}
      propertyPath: m_LocalRotation.x
      value: 5.2516487e-14
      objectReference: {fileID: 0}
    - target: {fileID: 2855954769694974369, guid: 13f96efc337671e4d8ece2c04cf2b76c,
        type: 3}
      propertyPath: m_LocalRotation.y
      value: 0.92387956
      objectReference: {fileID: 0}
    - target: {fileID: 2855954769694974369, guid: 13f96efc337671e4d8ece2c04cf2b76c,
        type: 3}
      propertyPath: m_LocalRotation.z
      value: -2.1753034e-14
      objectReference: {fileID: 0}
    - target: {fileID: 2855954769694974369, guid: 13f96efc337671e4d8ece2c04cf2b76c,
        type: 3}
      propertyPath: m_LocalRotation.w
      value: 0.38268328
      objectReference: {fileID: 0}
    - target: {fileID: 2855954769694974369, guid: 13f96efc337671e4d8ece2c04cf2b76c,
        type: 3}
      propertyPath: m_RootOrder
      value: 6
      objectReference: {fileID: 0}
    - target: {fileID: 2855954769694974369, guid: 13f96efc337671e4d8ece2c04cf2b76c,
        type: 3}
      propertyPath: m_LocalEulerAnglesHint.x
      value: 0
      objectReference: {fileID: 0}
    - target: {fileID: 2855954769694974369, guid: 13f96efc337671e4d8ece2c04cf2b76c,
        type: 3}
      propertyPath: m_LocalEulerAnglesHint.y
      value: 135
      objectReference: {fileID: 0}
    - target: {fileID: 2855954769694974369, guid: 13f96efc337671e4d8ece2c04cf2b76c,
        type: 3}
      propertyPath: m_LocalEulerAnglesHint.z
      value: 0
      objectReference: {fileID: 0}
    - target: {fileID: 4345903028273555595, guid: 13f96efc337671e4d8ece2c04cf2b76c,
        type: 3}
      propertyPath: m_Name
      value: Fence_2
      objectReference: {fileID: 0}
    - target: {fileID: 9032208321282690923, guid: 13f96efc337671e4d8ece2c04cf2b76c,
        type: 3}
      propertyPath: m_LocalRotation.z
      value: -0.5000004
      objectReference: {fileID: 0}
    - target: {fileID: 9032208321282690923, guid: 13f96efc337671e4d8ece2c04cf2b76c,
        type: 3}
      propertyPath: m_LocalEulerAnglesHint.x
      value: -90.00001
      objectReference: {fileID: 0}
    - target: {fileID: 9032208321282690923, guid: 13f96efc337671e4d8ece2c04cf2b76c,
        type: 3}
      propertyPath: m_LocalEulerAnglesHint.z
      value: -90.00001
      objectReference: {fileID: 0}
    - target: {fileID: 9032208321282690923, guid: 13f96efc337671e4d8ece2c04cf2b76c,
        type: 3}
      propertyPath: m_LocalRotation.x
      value: -0.49999943
      objectReference: {fileID: 0}
    - target: {fileID: 9032208321282690923, guid: 13f96efc337671e4d8ece2c04cf2b76c,
        type: 3}
      propertyPath: m_LocalRotation.y
      value: -0.50000066
      objectReference: {fileID: 0}
    - target: {fileID: 9032208321282690923, guid: 13f96efc337671e4d8ece2c04cf2b76c,
        type: 3}
      propertyPath: m_LocalRotation.w
      value: 0.4999996
      objectReference: {fileID: 0}
    - target: {fileID: 9032208321282690923, guid: 13f96efc337671e4d8ece2c04cf2b76c,
        type: 3}
      propertyPath: m_LocalPosition.x
      value: -5.22
      objectReference: {fileID: 0}
    - target: {fileID: 9032208321282690923, guid: 13f96efc337671e4d8ece2c04cf2b76c,
        type: 3}
      propertyPath: m_LocalPosition.y
      value: -1.92
      objectReference: {fileID: 0}
    - target: {fileID: 9032208321282690923, guid: 13f96efc337671e4d8ece2c04cf2b76c,
        type: 3}
      propertyPath: m_LocalPosition.z
      value: 5.61
      objectReference: {fileID: 0}
    m_RemovedComponents: []
  m_SourcePrefab: {fileID: 100100000, guid: 13f96efc337671e4d8ece2c04cf2b76c, type: 3}
--- !u!4 &255790156273212120 stripped
Transform:
  m_CorrespondingSourceObject: {fileID: 2855954769694974369, guid: 13f96efc337671e4d8ece2c04cf2b76c,
    type: 3}
  m_PrefabInstance: {fileID: 2607263616477739897}
  m_PrefabAsset: {fileID: 0}
--- !u!1001 &4915037572750346565
PrefabInstance:
  m_ObjectHideFlags: 0
  serializedVersion: 2
  m_Modification:
    m_TransformParent: {fileID: 5174430236458925475}
    m_Modifications:
    - target: {fileID: 605618807158841334, guid: 5d595d995a7de2e49a1117fe76c4415d,
        type: 3}
      propertyPath: m_Name
      value: Grass (9)
      objectReference: {fileID: 0}
    - target: {fileID: 4652053026907135126, guid: 5d595d995a7de2e49a1117fe76c4415d,
        type: 3}
      propertyPath: m_LocalPosition.x
      value: 7.6
      objectReference: {fileID: 0}
    - target: {fileID: 4652053026907135126, guid: 5d595d995a7de2e49a1117fe76c4415d,
        type: 3}
      propertyPath: m_LocalPosition.y
      value: 0
      objectReference: {fileID: 0}
    - target: {fileID: 4652053026907135126, guid: 5d595d995a7de2e49a1117fe76c4415d,
        type: 3}
      propertyPath: m_LocalPosition.z
      value: -6.7
      objectReference: {fileID: 0}
    - target: {fileID: 4652053026907135126, guid: 5d595d995a7de2e49a1117fe76c4415d,
        type: 3}
      propertyPath: m_LocalRotation.x
      value: 0
      objectReference: {fileID: 0}
    - target: {fileID: 4652053026907135126, guid: 5d595d995a7de2e49a1117fe76c4415d,
        type: 3}
      propertyPath: m_LocalRotation.y
      value: 0
      objectReference: {fileID: 0}
    - target: {fileID: 4652053026907135126, guid: 5d595d995a7de2e49a1117fe76c4415d,
        type: 3}
      propertyPath: m_LocalRotation.z
      value: 0
      objectReference: {fileID: 0}
    - target: {fileID: 4652053026907135126, guid: 5d595d995a7de2e49a1117fe76c4415d,
        type: 3}
      propertyPath: m_LocalRotation.w
      value: 1
      objectReference: {fileID: 0}
    - target: {fileID: 4652053026907135126, guid: 5d595d995a7de2e49a1117fe76c4415d,
        type: 3}
      propertyPath: m_RootOrder
      value: 19
      objectReference: {fileID: 0}
    - target: {fileID: 4652053026907135126, guid: 5d595d995a7de2e49a1117fe76c4415d,
        type: 3}
      propertyPath: m_LocalEulerAnglesHint.x
      value: 0
      objectReference: {fileID: 0}
    - target: {fileID: 4652053026907135126, guid: 5d595d995a7de2e49a1117fe76c4415d,
        type: 3}
      propertyPath: m_LocalEulerAnglesHint.y
      value: 0
      objectReference: {fileID: 0}
    - target: {fileID: 4652053026907135126, guid: 5d595d995a7de2e49a1117fe76c4415d,
        type: 3}
      propertyPath: m_LocalEulerAnglesHint.z
      value: 0
      objectReference: {fileID: 0}
    m_RemovedComponents: []
  m_SourcePrefab: {fileID: 100100000, guid: 5d595d995a7de2e49a1117fe76c4415d, type: 3}
--- !u!4 &340814748263060947 stripped
Transform:
  m_CorrespondingSourceObject: {fileID: 4652053026907135126, guid: 5d595d995a7de2e49a1117fe76c4415d,
    type: 3}
  m_PrefabInstance: {fileID: 4915037572750346565}
  m_PrefabAsset: {fileID: 0}
--- !u!1001 &5174430234651604123
PrefabInstance:
  m_ObjectHideFlags: 0
  serializedVersion: 2
  m_Modification:
    m_TransformParent: {fileID: 5174430236458925475}
    m_Modifications:
    - target: {fileID: 2107339238449112616, guid: c9fe6d1009f2ffd4a847dd403882044c,
        type: 3}
      propertyPath: m_TagString
      value: Earth
      objectReference: {fileID: 0}
    - target: {fileID: 2510641201119022303, guid: c9fe6d1009f2ffd4a847dd403882044c,
        type: 3}
      propertyPath: m_Name
      value: Block7 (3)
      objectReference: {fileID: 0}
    - target: {fileID: 2510641201119022303, guid: c9fe6d1009f2ffd4a847dd403882044c,
        type: 3}
      propertyPath: m_IsActive
      value: 1
      objectReference: {fileID: 0}
    - target: {fileID: 2510641201119022303, guid: c9fe6d1009f2ffd4a847dd403882044c,
        type: 3}
      propertyPath: m_TagString
      value: Earth
      objectReference: {fileID: 0}
    - target: {fileID: 3587292593926974423, guid: c9fe6d1009f2ffd4a847dd403882044c,
        type: 3}
      propertyPath: m_TagString
      value: Earth
      objectReference: {fileID: 0}
    - target: {fileID: 3958510211885910265, guid: c9fe6d1009f2ffd4a847dd403882044c,
        type: 3}
      propertyPath: round
      value: 1
      objectReference: {fileID: 0}
    - target: {fileID: 4618394034458661177, guid: c9fe6d1009f2ffd4a847dd403882044c,
        type: 3}
      propertyPath: m_IsActive
      value: 1
      objectReference: {fileID: 0}
    - target: {fileID: 4618394034458661177, guid: c9fe6d1009f2ffd4a847dd403882044c,
        type: 3}
      propertyPath: m_TagString
      value: Earth
      objectReference: {fileID: 0}
    - target: {fileID: 7048857360604289369, guid: c9fe6d1009f2ffd4a847dd403882044c,
        type: 3}
      propertyPath: m_Layer
      value: 11
      objectReference: {fileID: 0}
    - target: {fileID: 7048857360604289369, guid: c9fe6d1009f2ffd4a847dd403882044c,
        type: 3}
      propertyPath: m_IsActive
      value: 0
      objectReference: {fileID: 0}
    - target: {fileID: 7048857360604289369, guid: c9fe6d1009f2ffd4a847dd403882044c,
        type: 3}
      propertyPath: m_TagString
      value: Earth
      objectReference: {fileID: 0}
    - target: {fileID: 7186471626611857389, guid: c9fe6d1009f2ffd4a847dd403882044c,
        type: 3}
      propertyPath: m_LocalPosition.x
      value: 5
      objectReference: {fileID: 0}
    - target: {fileID: 7186471626611857389, guid: c9fe6d1009f2ffd4a847dd403882044c,
        type: 3}
      propertyPath: m_LocalPosition.y
      value: -9
      objectReference: {fileID: 0}
    - target: {fileID: 7186471626611857389, guid: c9fe6d1009f2ffd4a847dd403882044c,
        type: 3}
      propertyPath: m_LocalPosition.z
      value: -3
      objectReference: {fileID: 0}
    - target: {fileID: 7186471626611857389, guid: c9fe6d1009f2ffd4a847dd403882044c,
        type: 3}
      propertyPath: m_LocalRotation.x
      value: -0
      objectReference: {fileID: 0}
    - target: {fileID: 7186471626611857389, guid: c9fe6d1009f2ffd4a847dd403882044c,
        type: 3}
      propertyPath: m_LocalRotation.y
      value: -0.9238796
      objectReference: {fileID: 0}
    - target: {fileID: 7186471626611857389, guid: c9fe6d1009f2ffd4a847dd403882044c,
        type: 3}
      propertyPath: m_LocalRotation.z
      value: -0
      objectReference: {fileID: 0}
    - target: {fileID: 7186471626611857389, guid: c9fe6d1009f2ffd4a847dd403882044c,
        type: 3}
      propertyPath: m_LocalRotation.w
      value: -0.38268343
      objectReference: {fileID: 0}
    - target: {fileID: 7186471626611857389, guid: c9fe6d1009f2ffd4a847dd403882044c,
        type: 3}
      propertyPath: m_RootOrder
      value: 2
      objectReference: {fileID: 0}
    - target: {fileID: 7186471626611857389, guid: c9fe6d1009f2ffd4a847dd403882044c,
        type: 3}
      propertyPath: m_LocalEulerAnglesHint.x
      value: 0
      objectReference: {fileID: 0}
    - target: {fileID: 7186471626611857389, guid: c9fe6d1009f2ffd4a847dd403882044c,
        type: 3}
      propertyPath: m_LocalEulerAnglesHint.y
      value: -315
      objectReference: {fileID: 0}
    - target: {fileID: 7186471626611857389, guid: c9fe6d1009f2ffd4a847dd403882044c,
        type: 3}
      propertyPath: m_LocalEulerAnglesHint.z
      value: 0
      objectReference: {fileID: 0}
    - target: {fileID: 8817528259465880513, guid: c9fe6d1009f2ffd4a847dd403882044c,
        type: 3}
      propertyPath: m_Layer
      value: 11
      objectReference: {fileID: 0}
    - target: {fileID: 8817528259465880513, guid: c9fe6d1009f2ffd4a847dd403882044c,
        type: 3}
      propertyPath: m_TagString
      value: Earth
      objectReference: {fileID: 0}
    m_RemovedComponents: []
  m_SourcePrefab: {fileID: 100100000, guid: c9fe6d1009f2ffd4a847dd403882044c, type: 3}
--- !u!4 &2626791812717388662 stripped
Transform:
  m_CorrespondingSourceObject: {fileID: 7186471626611857389, guid: c9fe6d1009f2ffd4a847dd403882044c,
    type: 3}
  m_PrefabInstance: {fileID: 5174430234651604123}
  m_PrefabAsset: {fileID: 0}
--- !u!1001 &5174430234763311334
PrefabInstance:
  m_ObjectHideFlags: 0
  serializedVersion: 2
  m_Modification:
    m_TransformParent: {fileID: 5174430236458925475}
    m_Modifications:
    - target: {fileID: 2107339238449112616, guid: c9fe6d1009f2ffd4a847dd403882044c,
        type: 3}
      propertyPath: m_TagString
      value: Earth
      objectReference: {fileID: 0}
    - target: {fileID: 2510641201119022303, guid: c9fe6d1009f2ffd4a847dd403882044c,
        type: 3}
      propertyPath: m_Name
      value: Block7 (1)
      objectReference: {fileID: 0}
    - target: {fileID: 2510641201119022303, guid: c9fe6d1009f2ffd4a847dd403882044c,
        type: 3}
      propertyPath: m_IsActive
      value: 1
      objectReference: {fileID: 0}
    - target: {fileID: 2510641201119022303, guid: c9fe6d1009f2ffd4a847dd403882044c,
        type: 3}
      propertyPath: m_TagString
      value: Earth
      objectReference: {fileID: 0}
    - target: {fileID: 3587292593926974423, guid: c9fe6d1009f2ffd4a847dd403882044c,
        type: 3}
      propertyPath: m_TagString
      value: Earth
      objectReference: {fileID: 0}
    - target: {fileID: 3958510211885910265, guid: c9fe6d1009f2ffd4a847dd403882044c,
        type: 3}
      propertyPath: round
      value: 1
      objectReference: {fileID: 0}
    - target: {fileID: 4618394034458661177, guid: c9fe6d1009f2ffd4a847dd403882044c,
        type: 3}
      propertyPath: m_TagString
      value: Earth
      objectReference: {fileID: 0}
    - target: {fileID: 7048857360604289369, guid: c9fe6d1009f2ffd4a847dd403882044c,
        type: 3}
      propertyPath: m_Layer
      value: 11
      objectReference: {fileID: 0}
    - target: {fileID: 7048857360604289369, guid: c9fe6d1009f2ffd4a847dd403882044c,
        type: 3}
      propertyPath: m_TagString
      value: Earth
      objectReference: {fileID: 0}
    - target: {fileID: 7186471626611857389, guid: c9fe6d1009f2ffd4a847dd403882044c,
        type: 3}
      propertyPath: m_LocalPosition.x
      value: 6
      objectReference: {fileID: 0}
    - target: {fileID: 7186471626611857389, guid: c9fe6d1009f2ffd4a847dd403882044c,
        type: 3}
      propertyPath: m_LocalPosition.y
      value: -9
      objectReference: {fileID: 0}
    - target: {fileID: 7186471626611857389, guid: c9fe6d1009f2ffd4a847dd403882044c,
        type: 3}
      propertyPath: m_LocalPosition.z
      value: 34
      objectReference: {fileID: 0}
    - target: {fileID: 7186471626611857389, guid: c9fe6d1009f2ffd4a847dd403882044c,
        type: 3}
      propertyPath: m_LocalRotation.x
      value: -0
      objectReference: {fileID: 0}
    - target: {fileID: 7186471626611857389, guid: c9fe6d1009f2ffd4a847dd403882044c,
        type: 3}
      propertyPath: m_LocalRotation.y
      value: -0.38268346
      objectReference: {fileID: 0}
    - target: {fileID: 7186471626611857389, guid: c9fe6d1009f2ffd4a847dd403882044c,
        type: 3}
      propertyPath: m_LocalRotation.z
      value: -0
      objectReference: {fileID: 0}
    - target: {fileID: 7186471626611857389, guid: c9fe6d1009f2ffd4a847dd403882044c,
        type: 3}
      propertyPath: m_LocalRotation.w
      value: 0.9238795
      objectReference: {fileID: 0}
    - target: {fileID: 7186471626611857389, guid: c9fe6d1009f2ffd4a847dd403882044c,
        type: 3}
      propertyPath: m_RootOrder
      value: 0
      objectReference: {fileID: 0}
    - target: {fileID: 7186471626611857389, guid: c9fe6d1009f2ffd4a847dd403882044c,
        type: 3}
      propertyPath: m_LocalEulerAnglesHint.x
      value: 0
      objectReference: {fileID: 0}
    - target: {fileID: 7186471626611857389, guid: c9fe6d1009f2ffd4a847dd403882044c,
        type: 3}
      propertyPath: m_LocalEulerAnglesHint.y
      value: -135
      objectReference: {fileID: 0}
    - target: {fileID: 7186471626611857389, guid: c9fe6d1009f2ffd4a847dd403882044c,
        type: 3}
      propertyPath: m_LocalEulerAnglesHint.z
      value: 0
      objectReference: {fileID: 0}
    - target: {fileID: 8817528259465880513, guid: c9fe6d1009f2ffd4a847dd403882044c,
        type: 3}
      propertyPath: m_Layer
      value: 11
      objectReference: {fileID: 0}
    - target: {fileID: 8817528259465880513, guid: c9fe6d1009f2ffd4a847dd403882044c,
        type: 3}
      propertyPath: m_TagString
      value: Earth
      objectReference: {fileID: 0}
    m_RemovedComponents: []
  m_SourcePrefab: {fileID: 100100000, guid: c9fe6d1009f2ffd4a847dd403882044c, type: 3}
--- !u!4 &2626791812559548171 stripped
Transform:
  m_CorrespondingSourceObject: {fileID: 7186471626611857389, guid: c9fe6d1009f2ffd4a847dd403882044c,
    type: 3}
  m_PrefabInstance: {fileID: 5174430234763311334}
  m_PrefabAsset: {fileID: 0}
--- !u!1001 &5174430234971336431
PrefabInstance:
  m_ObjectHideFlags: 0
  serializedVersion: 2
  m_Modification:
    m_TransformParent: {fileID: 5174430236458925475}
    m_Modifications:
    - target: {fileID: 2107339238449112616, guid: c9fe6d1009f2ffd4a847dd403882044c,
        type: 3}
      propertyPath: m_TagString
      value: Earth
      objectReference: {fileID: 0}
    - target: {fileID: 2510641201119022303, guid: c9fe6d1009f2ffd4a847dd403882044c,
        type: 3}
      propertyPath: m_Name
      value: Block7 (4)
      objectReference: {fileID: 0}
    - target: {fileID: 2510641201119022303, guid: c9fe6d1009f2ffd4a847dd403882044c,
        type: 3}
      propertyPath: m_IsActive
      value: 1
      objectReference: {fileID: 0}
    - target: {fileID: 2510641201119022303, guid: c9fe6d1009f2ffd4a847dd403882044c,
        type: 3}
      propertyPath: m_TagString
      value: Earth
      objectReference: {fileID: 0}
    - target: {fileID: 3587292593926974423, guid: c9fe6d1009f2ffd4a847dd403882044c,
        type: 3}
      propertyPath: m_TagString
      value: Earth
      objectReference: {fileID: 0}
    - target: {fileID: 3958510211885910265, guid: c9fe6d1009f2ffd4a847dd403882044c,
        type: 3}
      propertyPath: round
      value: 1
      objectReference: {fileID: 0}
    - target: {fileID: 4618394034458661177, guid: c9fe6d1009f2ffd4a847dd403882044c,
        type: 3}
      propertyPath: m_IsActive
      value: 1
      objectReference: {fileID: 0}
    - target: {fileID: 4618394034458661177, guid: c9fe6d1009f2ffd4a847dd403882044c,
        type: 3}
      propertyPath: m_TagString
      value: Earth
      objectReference: {fileID: 0}
    - target: {fileID: 7048857360604289369, guid: c9fe6d1009f2ffd4a847dd403882044c,
        type: 3}
      propertyPath: m_Layer
      value: 11
      objectReference: {fileID: 0}
    - target: {fileID: 7048857360604289369, guid: c9fe6d1009f2ffd4a847dd403882044c,
        type: 3}
      propertyPath: m_IsActive
      value: 0
      objectReference: {fileID: 0}
    - target: {fileID: 7048857360604289369, guid: c9fe6d1009f2ffd4a847dd403882044c,
        type: 3}
      propertyPath: m_TagString
      value: Earth
      objectReference: {fileID: 0}
    - target: {fileID: 7186471626611857389, guid: c9fe6d1009f2ffd4a847dd403882044c,
        type: 3}
      propertyPath: m_LocalPosition.x
      value: 24
      objectReference: {fileID: 0}
    - target: {fileID: 7186471626611857389, guid: c9fe6d1009f2ffd4a847dd403882044c,
        type: 3}
      propertyPath: m_LocalPosition.y
      value: -9
      objectReference: {fileID: 0}
    - target: {fileID: 7186471626611857389, guid: c9fe6d1009f2ffd4a847dd403882044c,
        type: 3}
      propertyPath: m_LocalPosition.z
      value: 16
      objectReference: {fileID: 0}
    - target: {fileID: 7186471626611857389, guid: c9fe6d1009f2ffd4a847dd403882044c,
        type: 3}
      propertyPath: m_LocalRotation.x
      value: -0
      objectReference: {fileID: 0}
    - target: {fileID: 7186471626611857389, guid: c9fe6d1009f2ffd4a847dd403882044c,
        type: 3}
      propertyPath: m_LocalRotation.y
      value: 0.38268346
      objectReference: {fileID: 0}
    - target: {fileID: 7186471626611857389, guid: c9fe6d1009f2ffd4a847dd403882044c,
        type: 3}
      propertyPath: m_LocalRotation.z
      value: -0
      objectReference: {fileID: 0}
    - target: {fileID: 7186471626611857389, guid: c9fe6d1009f2ffd4a847dd403882044c,
        type: 3}
      propertyPath: m_LocalRotation.w
      value: 0.9238795
      objectReference: {fileID: 0}
    - target: {fileID: 7186471626611857389, guid: c9fe6d1009f2ffd4a847dd403882044c,
        type: 3}
      propertyPath: m_RootOrder
      value: 3
      objectReference: {fileID: 0}
    - target: {fileID: 7186471626611857389, guid: c9fe6d1009f2ffd4a847dd403882044c,
        type: 3}
      propertyPath: m_LocalEulerAnglesHint.x
      value: 0
      objectReference: {fileID: 0}
    - target: {fileID: 7186471626611857389, guid: c9fe6d1009f2ffd4a847dd403882044c,
        type: 3}
      propertyPath: m_LocalEulerAnglesHint.y
      value: -45
      objectReference: {fileID: 0}
    - target: {fileID: 7186471626611857389, guid: c9fe6d1009f2ffd4a847dd403882044c,
        type: 3}
      propertyPath: m_LocalEulerAnglesHint.z
      value: 0
      objectReference: {fileID: 0}
    - target: {fileID: 8817528259465880513, guid: c9fe6d1009f2ffd4a847dd403882044c,
        type: 3}
      propertyPath: m_Layer
      value: 11
      objectReference: {fileID: 0}
    - target: {fileID: 8817528259465880513, guid: c9fe6d1009f2ffd4a847dd403882044c,
        type: 3}
      propertyPath: m_IsActive
      value: 0
      objectReference: {fileID: 0}
    - target: {fileID: 8817528259465880513, guid: c9fe6d1009f2ffd4a847dd403882044c,
        type: 3}
      propertyPath: m_TagString
      value: Earth
      objectReference: {fileID: 0}
    m_RemovedComponents: []
  m_SourcePrefab: {fileID: 100100000, guid: c9fe6d1009f2ffd4a847dd403882044c, type: 3}
--- !u!4 &2626791811814684930 stripped
Transform:
  m_CorrespondingSourceObject: {fileID: 7186471626611857389, guid: c9fe6d1009f2ffd4a847dd403882044c,
    type: 3}
  m_PrefabInstance: {fileID: 5174430234971336431}
  m_PrefabAsset: {fileID: 0}
--- !u!1001 &5174430235977118140
PrefabInstance:
  m_ObjectHideFlags: 0
  serializedVersion: 2
  m_Modification:
    m_TransformParent: {fileID: 5174430236458925475}
    m_Modifications:
    - target: {fileID: 2107339238449112616, guid: c9fe6d1009f2ffd4a847dd403882044c,
        type: 3}
      propertyPath: m_TagString
      value: Earth
      objectReference: {fileID: 0}
    - target: {fileID: 2510641201119022303, guid: c9fe6d1009f2ffd4a847dd403882044c,
        type: 3}
      propertyPath: m_Name
      value: Block7 (2)
      objectReference: {fileID: 0}
    - target: {fileID: 2510641201119022303, guid: c9fe6d1009f2ffd4a847dd403882044c,
        type: 3}
      propertyPath: m_IsActive
      value: 1
      objectReference: {fileID: 0}
    - target: {fileID: 2510641201119022303, guid: c9fe6d1009f2ffd4a847dd403882044c,
        type: 3}
      propertyPath: m_TagString
      value: Earth
      objectReference: {fileID: 0}
    - target: {fileID: 3587292593926974423, guid: c9fe6d1009f2ffd4a847dd403882044c,
        type: 3}
      propertyPath: m_TagString
      value: Earth
      objectReference: {fileID: 0}
    - target: {fileID: 3958510211885910265, guid: c9fe6d1009f2ffd4a847dd403882044c,
        type: 3}
      propertyPath: round
      value: 1
      objectReference: {fileID: 0}
    - target: {fileID: 4618394034458661177, guid: c9fe6d1009f2ffd4a847dd403882044c,
        type: 3}
      propertyPath: m_IsActive
      value: 1
      objectReference: {fileID: 0}
    - target: {fileID: 4618394034458661177, guid: c9fe6d1009f2ffd4a847dd403882044c,
        type: 3}
      propertyPath: m_TagString
      value: Earth
      objectReference: {fileID: 0}
    - target: {fileID: 7048857360604289369, guid: c9fe6d1009f2ffd4a847dd403882044c,
        type: 3}
      propertyPath: m_Layer
      value: 11
      objectReference: {fileID: 0}
    - target: {fileID: 7048857360604289369, guid: c9fe6d1009f2ffd4a847dd403882044c,
        type: 3}
      propertyPath: m_IsActive
      value: 0
      objectReference: {fileID: 0}
    - target: {fileID: 7048857360604289369, guid: c9fe6d1009f2ffd4a847dd403882044c,
        type: 3}
      propertyPath: m_TagString
      value: Earth
      objectReference: {fileID: 0}
    - target: {fileID: 7186471626611857389, guid: c9fe6d1009f2ffd4a847dd403882044c,
        type: 3}
      propertyPath: m_LocalPosition.x
      value: -13
      objectReference: {fileID: 0}
    - target: {fileID: 7186471626611857389, guid: c9fe6d1009f2ffd4a847dd403882044c,
        type: 3}
      propertyPath: m_LocalPosition.y
      value: -9
      objectReference: {fileID: 0}
    - target: {fileID: 7186471626611857389, guid: c9fe6d1009f2ffd4a847dd403882044c,
        type: 3}
      propertyPath: m_LocalPosition.z
      value: 15
      objectReference: {fileID: 0}
    - target: {fileID: 7186471626611857389, guid: c9fe6d1009f2ffd4a847dd403882044c,
        type: 3}
      propertyPath: m_LocalRotation.x
      value: -0
      objectReference: {fileID: 0}
    - target: {fileID: 7186471626611857389, guid: c9fe6d1009f2ffd4a847dd403882044c,
        type: 3}
      propertyPath: m_LocalRotation.y
      value: -0.9238795
      objectReference: {fileID: 0}
    - target: {fileID: 7186471626611857389, guid: c9fe6d1009f2ffd4a847dd403882044c,
        type: 3}
      propertyPath: m_LocalRotation.z
      value: -0
      objectReference: {fileID: 0}
    - target: {fileID: 7186471626611857389, guid: c9fe6d1009f2ffd4a847dd403882044c,
        type: 3}
      propertyPath: m_LocalRotation.w
      value: 0.38268363
      objectReference: {fileID: 0}
    - target: {fileID: 7186471626611857389, guid: c9fe6d1009f2ffd4a847dd403882044c,
        type: 3}
      propertyPath: m_RootOrder
      value: 1
      objectReference: {fileID: 0}
    - target: {fileID: 7186471626611857389, guid: c9fe6d1009f2ffd4a847dd403882044c,
        type: 3}
      propertyPath: m_LocalEulerAnglesHint.x
      value: 0
      objectReference: {fileID: 0}
    - target: {fileID: 7186471626611857389, guid: c9fe6d1009f2ffd4a847dd403882044c,
        type: 3}
      propertyPath: m_LocalEulerAnglesHint.y
      value: -225
      objectReference: {fileID: 0}
    - target: {fileID: 7186471626611857389, guid: c9fe6d1009f2ffd4a847dd403882044c,
        type: 3}
      propertyPath: m_LocalEulerAnglesHint.z
      value: 0
      objectReference: {fileID: 0}
    - target: {fileID: 8817528259465880513, guid: c9fe6d1009f2ffd4a847dd403882044c,
        type: 3}
      propertyPath: m_Layer
      value: 11
      objectReference: {fileID: 0}
    - target: {fileID: 8817528259465880513, guid: c9fe6d1009f2ffd4a847dd403882044c,
        type: 3}
      propertyPath: m_TagString
      value: Earth
      objectReference: {fileID: 0}
    m_RemovedComponents: []
  m_SourcePrefab: {fileID: 100100000, guid: c9fe6d1009f2ffd4a847dd403882044c, type: 3}
--- !u!4 &2626791810821482065 stripped
Transform:
  m_CorrespondingSourceObject: {fileID: 7186471626611857389, guid: c9fe6d1009f2ffd4a847dd403882044c,
    type: 3}
  m_PrefabInstance: {fileID: 5174430235977118140}
  m_PrefabAsset: {fileID: 0}
--- !u!1001 &6486347549823371629
PrefabInstance:
  m_ObjectHideFlags: 0
  serializedVersion: 2
  m_Modification:
    m_TransformParent: {fileID: 5174430236458925475}
    m_Modifications:
    - target: {fileID: 605618807158841334, guid: 5d595d995a7de2e49a1117fe76c4415d,
        type: 3}
      propertyPath: m_Name
      value: Grass (8)
      objectReference: {fileID: 0}
    - target: {fileID: 4652053026907135126, guid: 5d595d995a7de2e49a1117fe76c4415d,
        type: 3}
      propertyPath: m_LocalPosition.x
      value: 4.8
      objectReference: {fileID: 0}
    - target: {fileID: 4652053026907135126, guid: 5d595d995a7de2e49a1117fe76c4415d,
        type: 3}
      propertyPath: m_LocalPosition.y
      value: 0
      objectReference: {fileID: 0}
    - target: {fileID: 4652053026907135126, guid: 5d595d995a7de2e49a1117fe76c4415d,
        type: 3}
      propertyPath: m_LocalPosition.z
      value: -8.3
      objectReference: {fileID: 0}
    - target: {fileID: 4652053026907135126, guid: 5d595d995a7de2e49a1117fe76c4415d,
        type: 3}
      propertyPath: m_LocalRotation.x
      value: 0
      objectReference: {fileID: 0}
    - target: {fileID: 4652053026907135126, guid: 5d595d995a7de2e49a1117fe76c4415d,
        type: 3}
      propertyPath: m_LocalRotation.y
      value: 0
      objectReference: {fileID: 0}
    - target: {fileID: 4652053026907135126, guid: 5d595d995a7de2e49a1117fe76c4415d,
        type: 3}
      propertyPath: m_LocalRotation.z
      value: 0
      objectReference: {fileID: 0}
    - target: {fileID: 4652053026907135126, guid: 5d595d995a7de2e49a1117fe76c4415d,
        type: 3}
      propertyPath: m_LocalRotation.w
      value: 1
      objectReference: {fileID: 0}
    - target: {fileID: 4652053026907135126, guid: 5d595d995a7de2e49a1117fe76c4415d,
        type: 3}
      propertyPath: m_RootOrder
      value: 18
      objectReference: {fileID: 0}
    - target: {fileID: 4652053026907135126, guid: 5d595d995a7de2e49a1117fe76c4415d,
        type: 3}
      propertyPath: m_LocalEulerAnglesHint.x
      value: 0
      objectReference: {fileID: 0}
    - target: {fileID: 4652053026907135126, guid: 5d595d995a7de2e49a1117fe76c4415d,
        type: 3}
      propertyPath: m_LocalEulerAnglesHint.y
      value: 0
      objectReference: {fileID: 0}
    - target: {fileID: 4652053026907135126, guid: 5d595d995a7de2e49a1117fe76c4415d,
        type: 3}
      propertyPath: m_LocalEulerAnglesHint.z
      value: 0
      objectReference: {fileID: 0}
    m_RemovedComponents: []
  m_SourcePrefab: {fileID: 100100000, guid: 5d595d995a7de2e49a1117fe76c4415d, type: 3}
--- !u!4 &1912705129533281787 stripped
Transform:
  m_CorrespondingSourceObject: {fileID: 4652053026907135126, guid: 5d595d995a7de2e49a1117fe76c4415d,
    type: 3}
  m_PrefabInstance: {fileID: 6486347549823371629}
  m_PrefabAsset: {fileID: 0}
--- !u!1001 &6672321830290873787
PrefabInstance:
  m_ObjectHideFlags: 0
  serializedVersion: 2
  m_Modification:
    m_TransformParent: {fileID: 5174430236458925475}
    m_Modifications:
    - target: {fileID: 605618807158841334, guid: 5d595d995a7de2e49a1117fe76c4415d,
        type: 3}
      propertyPath: m_Name
      value: Grass (4)
      objectReference: {fileID: 0}
    - target: {fileID: 4652053026907135126, guid: 5d595d995a7de2e49a1117fe76c4415d,
        type: 3}
      propertyPath: m_LocalPosition.x
      value: 17.75
      objectReference: {fileID: 0}
    - target: {fileID: 4652053026907135126, guid: 5d595d995a7de2e49a1117fe76c4415d,
        type: 3}
      propertyPath: m_LocalPosition.y
      value: 0
      objectReference: {fileID: 0}
    - target: {fileID: 4652053026907135126, guid: 5d595d995a7de2e49a1117fe76c4415d,
        type: 3}
      propertyPath: m_LocalPosition.z
      value: 14.43
      objectReference: {fileID: 0}
    - target: {fileID: 4652053026907135126, guid: 5d595d995a7de2e49a1117fe76c4415d,
        type: 3}
      propertyPath: m_LocalRotation.x
      value: 0
      objectReference: {fileID: 0}
    - target: {fileID: 4652053026907135126, guid: 5d595d995a7de2e49a1117fe76c4415d,
        type: 3}
      propertyPath: m_LocalRotation.y
      value: 0
      objectReference: {fileID: 0}
    - target: {fileID: 4652053026907135126, guid: 5d595d995a7de2e49a1117fe76c4415d,
        type: 3}
      propertyPath: m_LocalRotation.z
      value: 0
      objectReference: {fileID: 0}
    - target: {fileID: 4652053026907135126, guid: 5d595d995a7de2e49a1117fe76c4415d,
        type: 3}
      propertyPath: m_LocalRotation.w
      value: 1
      objectReference: {fileID: 0}
    - target: {fileID: 4652053026907135126, guid: 5d595d995a7de2e49a1117fe76c4415d,
        type: 3}
      propertyPath: m_RootOrder
      value: 14
      objectReference: {fileID: 0}
    - target: {fileID: 4652053026907135126, guid: 5d595d995a7de2e49a1117fe76c4415d,
        type: 3}
      propertyPath: m_LocalEulerAnglesHint.x
      value: 0
      objectReference: {fileID: 0}
    - target: {fileID: 4652053026907135126, guid: 5d595d995a7de2e49a1117fe76c4415d,
        type: 3}
      propertyPath: m_LocalEulerAnglesHint.y
      value: 0
      objectReference: {fileID: 0}
    - target: {fileID: 4652053026907135126, guid: 5d595d995a7de2e49a1117fe76c4415d,
        type: 3}
      propertyPath: m_LocalEulerAnglesHint.z
      value: 0
      objectReference: {fileID: 0}
    m_RemovedComponents: []
  m_SourcePrefab: {fileID: 100100000, guid: 5d595d995a7de2e49a1117fe76c4415d, type: 3}
--- !u!4 &2024280960505659693 stripped
Transform:
  m_CorrespondingSourceObject: {fileID: 4652053026907135126, guid: 5d595d995a7de2e49a1117fe76c4415d,
    type: 3}
  m_PrefabInstance: {fileID: 6672321830290873787}
  m_PrefabAsset: {fileID: 0}
--- !u!1001 &6731788667716037446
PrefabInstance:
  m_ObjectHideFlags: 0
  serializedVersion: 2
  m_Modification:
    m_TransformParent: {fileID: 5174430236458925475}
    m_Modifications:
    - target: {fileID: 2591030264567512504, guid: 26fb4af56d898ab4fba23f8bc8611ef1,
        type: 3}
      propertyPath: m_LocalPosition.x
      value: -11.9
      objectReference: {fileID: 0}
    - target: {fileID: 2591030264567512504, guid: 26fb4af56d898ab4fba23f8bc8611ef1,
        type: 3}
      propertyPath: m_LocalPosition.y
      value: -1.5
      objectReference: {fileID: 0}
    - target: {fileID: 2591030264567512504, guid: 26fb4af56d898ab4fba23f8bc8611ef1,
        type: 3}
      propertyPath: m_LocalPosition.z
      value: 14.1
      objectReference: {fileID: 0}
    - target: {fileID: 2591030264567512504, guid: 26fb4af56d898ab4fba23f8bc8611ef1,
        type: 3}
      propertyPath: m_LocalRotation.x
      value: -0
      objectReference: {fileID: 0}
    - target: {fileID: 2591030264567512504, guid: 26fb4af56d898ab4fba23f8bc8611ef1,
        type: 3}
      propertyPath: m_LocalRotation.y
      value: -0
      objectReference: {fileID: 0}
    - target: {fileID: 2591030264567512504, guid: 26fb4af56d898ab4fba23f8bc8611ef1,
        type: 3}
      propertyPath: m_LocalRotation.z
      value: -0
      objectReference: {fileID: 0}
    - target: {fileID: 2591030264567512504, guid: 26fb4af56d898ab4fba23f8bc8611ef1,
        type: 3}
      propertyPath: m_LocalRotation.w
      value: 1
      objectReference: {fileID: 0}
    - target: {fileID: 2591030264567512504, guid: 26fb4af56d898ab4fba23f8bc8611ef1,
        type: 3}
      propertyPath: m_RootOrder
      value: 5
      objectReference: {fileID: 0}
    - target: {fileID: 2591030264567512504, guid: 26fb4af56d898ab4fba23f8bc8611ef1,
        type: 3}
      propertyPath: m_LocalEulerAnglesHint.x
      value: 0
      objectReference: {fileID: 0}
    - target: {fileID: 2591030264567512504, guid: 26fb4af56d898ab4fba23f8bc8611ef1,
        type: 3}
      propertyPath: m_LocalEulerAnglesHint.y
      value: 0
      objectReference: {fileID: 0}
    - target: {fileID: 2591030264567512504, guid: 26fb4af56d898ab4fba23f8bc8611ef1,
        type: 3}
      propertyPath: m_LocalEulerAnglesHint.z
      value: 0
      objectReference: {fileID: 0}
    - target: {fileID: 2591030264567512504, guid: 26fb4af56d898ab4fba23f8bc8611ef1,
        type: 3}
      propertyPath: m_LocalScale.x
      value: 0.01
      objectReference: {fileID: 0}
    - target: {fileID: 2591030264567512504, guid: 26fb4af56d898ab4fba23f8bc8611ef1,
        type: 3}
      propertyPath: m_LocalScale.y
      value: 0.01
      objectReference: {fileID: 0}
    - target: {fileID: 2591030264567512504, guid: 26fb4af56d898ab4fba23f8bc8611ef1,
        type: 3}
      propertyPath: m_LocalScale.z
      value: 0.01
      objectReference: {fileID: 0}
    - target: {fileID: 3404153504330882933, guid: 26fb4af56d898ab4fba23f8bc8611ef1,
        type: 3}
      propertyPath: m_Name
      value: VisibleTrigger
      objectReference: {fileID: 0}
    m_RemovedComponents: []
  m_SourcePrefab: {fileID: 100100000, guid: 26fb4af56d898ab4fba23f8bc8611ef1, type: 3}
--- !u!4 &9122373562880218878 stripped
Transform:
  m_CorrespondingSourceObject: {fileID: 2591030264567512504, guid: 26fb4af56d898ab4fba23f8bc8611ef1,
    type: 3}
  m_PrefabInstance: {fileID: 6731788667716037446}
  m_PrefabAsset: {fileID: 0}
--- !u!1001 &7175130014576793847
PrefabInstance:
  m_ObjectHideFlags: 0
  serializedVersion: 2
  m_Modification:
    m_TransformParent: {fileID: 5174430236458925475}
    m_Modifications:
    - target: {fileID: 605618807158841334, guid: 5d595d995a7de2e49a1117fe76c4415d,
        type: 3}
      propertyPath: m_Name
      value: Grass (6)
      objectReference: {fileID: 0}
    - target: {fileID: 4652053026907135126, guid: 5d595d995a7de2e49a1117fe76c4415d,
        type: 3}
      propertyPath: m_LocalPosition.x
      value: 14.09
      objectReference: {fileID: 0}
    - target: {fileID: 4652053026907135126, guid: 5d595d995a7de2e49a1117fe76c4415d,
        type: 3}
      propertyPath: m_LocalPosition.y
      value: 0
      objectReference: {fileID: 0}
    - target: {fileID: 4652053026907135126, guid: 5d595d995a7de2e49a1117fe76c4415d,
        type: 3}
      propertyPath: m_LocalPosition.z
      value: 10.52
      objectReference: {fileID: 0}
    - target: {fileID: 4652053026907135126, guid: 5d595d995a7de2e49a1117fe76c4415d,
        type: 3}
      propertyPath: m_LocalRotation.x
      value: 0
      objectReference: {fileID: 0}
    - target: {fileID: 4652053026907135126, guid: 5d595d995a7de2e49a1117fe76c4415d,
        type: 3}
      propertyPath: m_LocalRotation.y
      value: 0
      objectReference: {fileID: 0}
    - target: {fileID: 4652053026907135126, guid: 5d595d995a7de2e49a1117fe76c4415d,
        type: 3}
      propertyPath: m_LocalRotation.z
      value: 0
      objectReference: {fileID: 0}
    - target: {fileID: 4652053026907135126, guid: 5d595d995a7de2e49a1117fe76c4415d,
        type: 3}
      propertyPath: m_LocalRotation.w
      value: 1
      objectReference: {fileID: 0}
    - target: {fileID: 4652053026907135126, guid: 5d595d995a7de2e49a1117fe76c4415d,
        type: 3}
      propertyPath: m_RootOrder
      value: 16
      objectReference: {fileID: 0}
    - target: {fileID: 4652053026907135126, guid: 5d595d995a7de2e49a1117fe76c4415d,
        type: 3}
      propertyPath: m_LocalEulerAnglesHint.x
      value: 0
      objectReference: {fileID: 0}
    - target: {fileID: 4652053026907135126, guid: 5d595d995a7de2e49a1117fe76c4415d,
        type: 3}
      propertyPath: m_LocalEulerAnglesHint.y
      value: 0
      objectReference: {fileID: 0}
    - target: {fileID: 4652053026907135126, guid: 5d595d995a7de2e49a1117fe76c4415d,
        type: 3}
      propertyPath: m_LocalEulerAnglesHint.z
      value: 0
      objectReference: {fileID: 0}
    m_RemovedComponents: []
  m_SourcePrefab: {fileID: 100100000, guid: 5d595d995a7de2e49a1117fe76c4415d, type: 3}
--- !u!4 &2529975358015620193 stripped
Transform:
  m_CorrespondingSourceObject: {fileID: 4652053026907135126, guid: 5d595d995a7de2e49a1117fe76c4415d,
    type: 3}
  m_PrefabInstance: {fileID: 7175130014576793847}
  m_PrefabAsset: {fileID: 0}
--- !u!1001 &7634152312629670944
PrefabInstance:
  m_ObjectHideFlags: 0
  serializedVersion: 2
  m_Modification:
    m_TransformParent: {fileID: 5174430236458925475}
    m_Modifications:
    - target: {fileID: 1261029605674710180, guid: fc167c49c42d9e34395e7959fbd0d99c,
        type: 3}
      propertyPath: m_LocalPosition.x
      value: 17.56
      objectReference: {fileID: 0}
    - target: {fileID: 1261029605674710180, guid: fc167c49c42d9e34395e7959fbd0d99c,
        type: 3}
      propertyPath: m_LocalPosition.y
      value: 0.41
      objectReference: {fileID: 0}
    - target: {fileID: 1261029605674710180, guid: fc167c49c42d9e34395e7959fbd0d99c,
        type: 3}
      propertyPath: m_LocalPosition.z
      value: 22.71
      objectReference: {fileID: 0}
    - target: {fileID: 1261029605674710180, guid: fc167c49c42d9e34395e7959fbd0d99c,
        type: 3}
      propertyPath: m_LocalRotation.x
      value: 0.27048314
      objectReference: {fileID: 0}
    - target: {fileID: 1261029605674710180, guid: fc167c49c42d9e34395e7959fbd0d99c,
        type: 3}
      propertyPath: m_LocalRotation.y
      value: 0.65332913
      objectReference: {fileID: 0}
    - target: {fileID: 1261029605674710180, guid: fc167c49c42d9e34395e7959fbd0d99c,
        type: 3}
      propertyPath: m_LocalRotation.z
      value: 0.65323454
      objectReference: {fileID: 0}
    - target: {fileID: 1261029605674710180, guid: fc167c49c42d9e34395e7959fbd0d99c,
        type: 3}
      propertyPath: m_LocalRotation.w
      value: -0.2707113
      objectReference: {fileID: 0}
    - target: {fileID: 1261029605674710180, guid: fc167c49c42d9e34395e7959fbd0d99c,
        type: 3}
      propertyPath: m_RootOrder
      value: 8
      objectReference: {fileID: 0}
    - target: {fileID: 1261029605674710180, guid: fc167c49c42d9e34395e7959fbd0d99c,
        type: 3}
      propertyPath: m_LocalEulerAnglesHint.x
      value: -90.00001
      objectReference: {fileID: 0}
    - target: {fileID: 1261029605674710180, guid: fc167c49c42d9e34395e7959fbd0d99c,
        type: 3}
      propertyPath: m_LocalEulerAnglesHint.y
      value: 0
      objectReference: {fileID: 0}
    - target: {fileID: 1261029605674710180, guid: fc167c49c42d9e34395e7959fbd0d99c,
        type: 3}
      propertyPath: m_LocalEulerAnglesHint.z
      value: -134.98001
      objectReference: {fileID: 0}
    - target: {fileID: 1261029605674710183, guid: fc167c49c42d9e34395e7959fbd0d99c,
        type: 3}
      propertyPath: m_Name
      value: Fence_4 (1)
      objectReference: {fileID: 0}
    m_RemovedComponents: []
  m_SourcePrefab: {fileID: 100100000, guid: fc167c49c42d9e34395e7959fbd0d99c, type: 3}
--- !u!4 &8678971576667422852 stripped
Transform:
  m_CorrespondingSourceObject: {fileID: 1261029605674710180, guid: fc167c49c42d9e34395e7959fbd0d99c,
    type: 3}
  m_PrefabInstance: {fileID: 7634152312629670944}
  m_PrefabAsset: {fileID: 0}
--- !u!1001 &8717923032466418371
PrefabInstance:
  m_ObjectHideFlags: 0
  serializedVersion: 2
  m_Modification:
    m_TransformParent: {fileID: 5174430236458925475}
    m_Modifications:
    - target: {fileID: 605618807158841334, guid: 5d595d995a7de2e49a1117fe76c4415d,
        type: 3}
      propertyPath: m_Name
      value: Grass (5)
      objectReference: {fileID: 0}
    - target: {fileID: 4652053026907135126, guid: 5d595d995a7de2e49a1117fe76c4415d,
        type: 3}
      propertyPath: m_LocalPosition.x
      value: 8.3
      objectReference: {fileID: 0}
    - target: {fileID: 4652053026907135126, guid: 5d595d995a7de2e49a1117fe76c4415d,
        type: 3}
      propertyPath: m_LocalPosition.y
      value: 0
      objectReference: {fileID: 0}
    - target: {fileID: 4652053026907135126, guid: 5d595d995a7de2e49a1117fe76c4415d,
        type: 3}
      propertyPath: m_LocalPosition.z
      value: 4.69
      objectReference: {fileID: 0}
    - target: {fileID: 4652053026907135126, guid: 5d595d995a7de2e49a1117fe76c4415d,
        type: 3}
      propertyPath: m_LocalRotation.x
      value: 0
      objectReference: {fileID: 0}
    - target: {fileID: 4652053026907135126, guid: 5d595d995a7de2e49a1117fe76c4415d,
        type: 3}
      propertyPath: m_LocalRotation.y
      value: 0
      objectReference: {fileID: 0}
    - target: {fileID: 4652053026907135126, guid: 5d595d995a7de2e49a1117fe76c4415d,
        type: 3}
      propertyPath: m_LocalRotation.z
      value: 0
      objectReference: {fileID: 0}
    - target: {fileID: 4652053026907135126, guid: 5d595d995a7de2e49a1117fe76c4415d,
        type: 3}
      propertyPath: m_LocalRotation.w
      value: 1
      objectReference: {fileID: 0}
    - target: {fileID: 4652053026907135126, guid: 5d595d995a7de2e49a1117fe76c4415d,
        type: 3}
      propertyPath: m_RootOrder
      value: 15
      objectReference: {fileID: 0}
    - target: {fileID: 4652053026907135126, guid: 5d595d995a7de2e49a1117fe76c4415d,
        type: 3}
      propertyPath: m_LocalEulerAnglesHint.x
      value: 0
      objectReference: {fileID: 0}
    - target: {fileID: 4652053026907135126, guid: 5d595d995a7de2e49a1117fe76c4415d,
        type: 3}
      propertyPath: m_LocalEulerAnglesHint.y
      value: 0
      objectReference: {fileID: 0}
    - target: {fileID: 4652053026907135126, guid: 5d595d995a7de2e49a1117fe76c4415d,
        type: 3}
      propertyPath: m_LocalEulerAnglesHint.z
      value: 0
      objectReference: {fileID: 0}
    m_RemovedComponents: []
  m_SourcePrefab: {fileID: 100100000, guid: 5d595d995a7de2e49a1117fe76c4415d, type: 3}
--- !u!4 &4067631560626533973 stripped
Transform:
  m_CorrespondingSourceObject: {fileID: 4652053026907135126, guid: 5d595d995a7de2e49a1117fe76c4415d,
    type: 3}
  m_PrefabInstance: {fileID: 8717923032466418371}
  m_PrefabAsset: {fileID: 0}
